timestamp,asset,predicted_price,volatility,risk
2025-08-25 19:28:23,Gold,3202.75,0.0382,Medium
2025-08-25 19:28:23,Bitcoin,110027.34,0.026,Medium
2025-08-25 20:39:34,Gold,3216.79,0.0198,Low
2025-08-25 20:39:34,Bitcoin,110146.73,0.0423,High
2025-08-25 21:33:11,Gold,3216.79,0.04,High
2025-08-25 21:33:11,Bitcoin,110146.73,0.013,Low
2025-08-25 22:39:52,Gold,3216.79,0.0141,Low
2025-08-25 22:39:52,Bitcoin,110146.73,0.0481,High
2025-08-25 23:33:12,Gold,3216.79,0.0379,Medium
2025-08-25 23:33:12,Bitcoin,110146.73,0.032,Medium
2025-08-26 03:33:41,Gold,3217.48,0.0135,Low
2025-08-26 03:33:41,Bitcoin,110148.37,0.0406,High
2025-08-26 04:45:04,Gold,3217.48,0.0195,Low
2025-08-26 04:45:04,Bitcoin,110148.37,0.0483,High
2025-08-26 05:40:58,Gold,3217.48,0.0105,Low
2025-08-26 05:40:58,Bitcoin,110148.37,0.022,Medium
2025-08-26 06:57:12,Gold,3217.48,0.013,Low
2025-08-26 06:57:12,Bitcoin,110148.37,0.0283,Medium
2025-08-26 07:34:16,Gold,3217.48,0.0319,Medium
2025-08-26 07:34:16,Bitcoin,110148.37,0.0229,Medium
2025-08-26 07:39:04,Gold,3217.48,0.0412,High
2025-08-26 07:39:04,Bitcoin,110148.37,0.0358,Medium
2025-08-26 07:49:13,Gold,3217.48,0.0424,High
2025-08-26 07:49:13,Bitcoin,110148.37,0.0422,High
2025-08-26 07:51:57,Gold,3217.48,0.033,Medium
2025-08-26 07:51:57,Bitcoin,110148.37,0.0333,Medium
2025-08-26 08:05:46,Gold,3217.48,0.0164,Low
2025-08-26 08:05:46,Bitcoin,110148.37,0.0464,High
2025-08-26 08:11:25,Gold,3217.48,0.0116,Low
2025-08-26 08:11:25,Bitcoin,110148.37,0.0243,Medium
2025-08-26 08:16:12,Gold,3217.48,0.0357,Medium
2025-08-26 08:16:12,Bitcoin,110148.37,0.017,Low
2025-08-26 08:19:34,Gold,3217.48,0.0133,Low
2025-08-26 08:19:34,Bitcoin,110148.37,0.022,Medium
2025-08-26 08:26:47,Gold,3217.48,0.0231,Medium
2025-08-26 08:26:47,Bitcoin,110148.37,0.0378,Medium
2025-08-26 08:52:57,Gold,3217.48,0.0179,Low
2025-08-26 08:52:57,Bitcoin,110148.37,0.0311,Medium
2025-08-26 09:41:26,Gold,3217.48,0.0193,Low
2025-08-26 09:41:26,Bitcoin,110148.37,0.0295,Medium
2025-08-26 10:23:58,Gold,3217.48,0.0314,Medium
2025-08-26 10:23:58,Bitcoin,110148.37,0.018,Low
2025-08-26 10:38:33,Gold,3217.48,0.0427,High
2025-08-26 10:38:33,Bitcoin,110148.37,0.0373,Medium
2025-08-26 10:45:45,Gold,3217.48,0.0112,Low
2025-08-26 10:45:45,Bitcoin,110148.37,0.0247,Medium
2025-08-26 10:49:23,Gold,3217.48,0.0279,Medium
2025-08-26 10:49:23,Bitcoin,110148.37,0.0317,Medium
2025-08-26 11:31:39,Gold,3217.48,0.0495,High
2025-08-26 11:31:39,Bitcoin,110148.37,0.0173,Low
2025-08-26 12:16:17,Gold,3217.48,0.0333,Medium
2025-08-26 12:16:17,Bitcoin,110148.37,0.041,High
2025-08-26 12:27:09,Gold,3217.48,0.0333,Medium
2025-08-26 12:27:09,Bitcoin,110148.37,0.0366,Medium
2025-08-26 12:36:55,Gold,3217.48,0.024,Medium
2025-08-26 12:36:55,Bitcoin,110148.37,0.0237,Medium
2025-08-26 12:45:25,Gold,3217.48,0.0146,Low
2025-08-26 12:45:25,Bitcoin,110148.37,0.0494,High
2025-08-26 13:01:09,Gold,3217.48,0.0441,High
2025-08-26 13:01:09,Bitcoin,110148.37,0.0429,High
2025-08-26 13:07:27,Gold,3217.48,0.0386,Medium
2025-08-26 13:07:27,Bitcoin,110148.37,0.0178,Low
2025-08-26 13:45:22,Gold,3217.48,0.0307,Medium
2025-08-26 13:45:22,Bitcoin,110148.37,0.0104,Low
2025-08-26 14:00:18,Gold,3217.48,0.0414,High
2025-08-26 14:00:18,Bitcoin,110148.37,0.0307,Medium
2025-08-26 14:05:53,Gold,3217.48,0.0479,High
2025-08-26 14:05:53,Bitcoin,110148.37,0.0259,Medium
2025-08-26 14:31:20,Gold,3217.48,0.0263,Medium
2025-08-26 14:31:20,Bitcoin,110148.37,0.0227,Medium
2025-08-26 14:41:41,Gold,3217.48,0.0147,Low
2025-08-26 14:41:41,Bitcoin,110148.37,0.0307,Medium
2025-08-26 14:44:09,Gold,3217.48,0.0316,Medium
2025-08-26 14:44:09,Bitcoin,110148.37,0.0313,Medium
2025-08-26 14:51:26,Gold,3217.48,0.0128,Low
2025-08-26 14:51:26,Bitcoin,110148.37,0.0242,Medium
2025-08-26 15:38:29,Gold,3217.48,0.0209,Medium
2025-08-26 15:38:29,Bitcoin,110148.37,0.0327,Medium
2025-08-26 15:59:17,Gold,3217.48,0.0141,Low
2025-08-26 15:59:17,Bitcoin,110148.37,0.0356,Medium
2025-08-26 16:09:43,Gold,3217.48,0.0113,Low
2025-08-26 16:09:43,Bitcoin,110148.37,0.0385,Medium
2025-08-26 16:18:36,Gold,3217.48,0.0486,High
2025-08-26 16:18:36,Bitcoin,110148.37,0.0275,Medium
2025-08-26 16:48:40,Gold,3217.48,0.0344,Medium
2025-08-26 16:48:40,Bitcoin,110148.37,0.0187,Low
2025-08-26 16:55:22,Gold,3217.48,0.0417,High
2025-08-26 16:55:22,Bitcoin,110148.37,0.0364,Medium
2025-08-26 17:36:10,Gold,3217.48,0.0204,Medium
2025-08-26 17:36:10,Bitcoin,110148.37,0.0294,Medium
2025-08-26 18:51:24,Gold,3217.48,0.0365,Medium
2025-08-26 18:51:24,Bitcoin,110148.37,0.044,High
2025-08-26 19:25:43,Gold,3217.48,0.0268,Medium
2025-08-26 19:25:43,Bitcoin,110148.37,0.031,Medium
2025-08-26 20:37:05,Gold,3213.5,0.0115,Low
2025-08-26 20:37:05,Bitcoin,110115.06,0.0413,High
2025-08-26 21:30:20,Gold,3213.5,0.0408,High
2025-08-26 21:30:20,Bitcoin,110115.06,0.0489,High
2025-08-26 22:37:50,Gold,3213.5,0.0153,Low
2025-08-26 22:37:50,Bitcoin,110115.06,0.0121,Low
2025-08-26 23:30:01,Gold,3213.5,0.0176,Low
2025-08-26 23:30:01,Bitcoin,110115.06,0.0465,High
2025-08-27 03:14:53,Gold,3213.67,0.0409,High
2025-08-27 03:14:53,Bitcoin,110134.11,0.0399,Medium
2025-08-27 04:42:52,Gold,3213.67,0.0393,Medium
2025-08-27 04:42:52,Bitcoin,110134.11,0.0306,Medium
2025-08-27 05:38:08,Gold,3213.67,0.0422,High
2025-08-27 05:38:08,Bitcoin,110134.11,0.0385,Medium
2025-08-27 06:51:57,Gold,3213.67,0.0438,High
2025-08-27 06:51:57,Bitcoin,110134.11,0.0439,High
2025-08-27 07:31:08,Gold,3213.67,0.019,Low
2025-08-27 07:31:08,Bitcoin,110134.11,0.0391,Medium
2025-08-27 08:47:30,Gold,3213.67,0.0111,Low
2025-08-27 08:47:30,Bitcoin,110134.11,0.0457,High
2025-08-27 08:48:45,Gold,3213.67,0.0354,Medium
2025-08-27 08:48:45,Bitcoin,110134.11,0.0242,Medium
2025-08-27 09:38:05,Gold,3213.67,0.0205,Medium
2025-08-27 09:38:05,Bitcoin,110134.11,0.0125,Low
2025-08-27 10:41:05,Gold,3213.67,0.0208,Medium
2025-08-27 10:41:05,Bitcoin,110134.11,0.0104,Low
2025-08-27 11:28:14,Gold,3213.67,0.0407,High
2025-08-27 11:28:14,Bitcoin,110134.11,0.0185,Low
2025-08-27 11:30:12,Gold,3213.67,0.0494,High
2025-08-27 11:30:12,Bitcoin,110134.11,0.0468,High
2025-08-27 13:36:44,Gold,3213.67,0.0475,High
2025-08-27 13:36:44,Bitcoin,110134.11,0.0472,High
2025-08-27 14:41:05,Gold,3213.67,0.0101,Low
2025-08-27 14:41:05,Bitcoin,110134.11,0.0371,Medium
2025-08-27 15:38:18,Gold,3213.67,0.0139,Low
2025-08-27 15:38:18,Bitcoin,110134.11,0.0101,Low
2025-08-27 16:48:45,Gold,3213.67,0.0377,Medium
2025-08-27 16:48:45,Bitcoin,110134.11,0.0272,Medium
2025-08-27 17:34:15,Gold,3216.18,0.0216,Medium
2025-08-27 17:34:15,Bitcoin,110150.86,0.0121,Low
2025-08-27 18:48:49,Gold,3216.18,0.041,High
2025-08-27 18:48:49,Bitcoin,110150.86,0.0412,High
2025-08-27 19:26:51,Gold,3216.18,0.0452,High
2025-08-27 19:26:51,Bitcoin,110150.86,0.0295,Medium
2025-08-27 20:38:26,Gold,3216.18,0.0497,High
2025-08-27 20:38:26,Bitcoin,110150.86,0.0433,High
2025-08-27 21:30:45,Gold,3216.18,0.0409,High
2025-08-27 21:30:45,Bitcoin,110150.86,0.0309,Medium
2025-08-27 22:36:40,Gold,3216.18,0.0285,Medium
2025-08-27 22:36:40,Bitcoin,110150.86,0.0427,High
2025-08-27 23:29:24,Gold,3220.16,0.0308,Medium
2025-08-27 23:29:24,Bitcoin,110184.17,0.0285,Medium
2025-08-28 03:15:26,Gold,3220.92,0.039,Medium
2025-08-28 03:15:26,Bitcoin,110210.53,0.0369,Medium
2025-08-28 04:42:28,Gold,3220.92,0.0112,Low
2025-08-28 04:42:28,Bitcoin,110210.53,0.0265,Medium
2025-08-28 05:38:40,Gold,3220.92,0.0247,Medium
2025-08-28 05:38:40,Bitcoin,110210.53,0.0322,Medium
2025-08-28 06:54:00,Gold,3220.92,0.0386,Medium
2025-08-28 06:54:00,Bitcoin,110210.53,0.0467,High
2025-08-28 07:32:31,Gold,3220.92,0.0339,Medium
2025-08-28 07:32:31,Bitcoin,110210.53,0.0199,Low
2025-08-28 08:48:26,Gold,3220.92,0.0115,Low
2025-08-28 08:48:26,Bitcoin,110210.53,0.02,Medium
2025-08-28 09:37:08,Gold,3220.92,0.0494,High
2025-08-28 09:37:08,Bitcoin,110210.53,0.0342,Medium
2025-08-28 10:42:31,Gold,3220.92,0.0314,Medium
2025-08-28 10:42:31,Bitcoin,110210.53,0.0429,High
2025-08-28 11:28:06,Gold,3220.92,0.0127,Low
2025-08-28 11:28:06,Bitcoin,110210.53,0.0425,High
2025-08-28 13:38:21,Gold,3220.92,0.0467,High
2025-08-28 13:38:21,Bitcoin,110210.53,0.0335,Medium
2025-08-28 14:43:07,Gold,3220.92,0.0166,Low
2025-08-28 14:43:07,Bitcoin,110210.53,0.0456,High
2025-08-28 15:38:14,Gold,3220.92,0.0172,Low
2025-08-28 15:38:14,Bitcoin,110210.53,0.0263,Medium
2025-08-28 16:48:17,Gold,3220.92,0.0121,Low
2025-08-28 16:48:17,Bitcoin,110210.53,0.019,Low
2025-08-28 17:34:58,Gold,3220.92,0.0378,Medium
2025-08-28 17:34:58,Bitcoin,110210.53,0.0385,Medium
2025-08-28 18:51:57,Gold,3220.92,0.0171,Low
2025-08-28 18:51:57,Bitcoin,110210.53,0.0148,Low
2025-08-28 19:25:47,Gold,3220.92,0.0483,High
2025-08-28 19:25:47,Bitcoin,110210.53,0.0377,Medium
2025-08-28 20:35:57,Gold,3224.89,0.0374,Medium
2025-08-28 20:35:57,Bitcoin,110243.84,0.0213,Medium
2025-08-28 21:30:30,Gold,3224.89,0.0127,Low
2025-08-28 21:30:30,Bitcoin,110243.84,0.0138,Low
2025-08-28 22:35:41,Gold,3224.89,0.0296,Medium
2025-08-28 22:35:41,Bitcoin,110243.84,0.0116,Low
2025-08-28 23:30:18,Gold,3224.89,0.0306,Medium
2025-08-28 23:30:18,Bitcoin,110243.84,0.012,Low
2025-08-29 03:14:30,Gold,3224.25,0.0243,Medium
2025-08-29 03:14:30,Bitcoin,110241.83,0.0115,Low
2025-08-29 04:42:22,Gold,3224.25,0.0234,Medium
2025-08-29 04:42:22,Bitcoin,110241.83,0.0296,Medium
2025-08-29 05:37:26,Gold,3224.25,0.0186,Low
2025-08-29 05:37:26,Bitcoin,110241.83,0.022,Medium
2025-08-29 06:52:21,Gold,3224.25,0.0367,Medium
2025-08-29 06:52:21,Bitcoin,110241.83,0.0396,Medium
2025-08-29 07:32:23,Gold,3224.25,0.0398,Medium
2025-08-29 07:32:23,Bitcoin,110241.83,0.0213,Medium
2025-08-29 08:46:19,Gold,3224.25,0.0175,Low
2025-08-29 08:46:19,Bitcoin,110241.83,0.046,High
2025-08-29 08:47:44,Gold,3224.25,0.0257,Medium
2025-08-29 08:47:44,Bitcoin,110241.83,0.028,Medium
2025-08-29 09:36:37,Gold,3224.25,0.047,High
2025-08-29 09:36:37,Bitcoin,110241.83,0.0387,Medium
2025-08-29 10:41:04,Gold,3224.25,0.0155,Low
2025-08-29 10:41:04,Bitcoin,110241.83,0.0319,Medium
2025-08-29 11:27:45,Gold,3224.25,0.0208,Medium
2025-08-29 11:27:45,Bitcoin,110241.83,0.0253,Medium
2025-08-29 13:34:18,Gold,3224.25,0.0231,Medium
2025-08-29 13:34:18,Bitcoin,110241.83,0.0257,Medium
2025-08-29 14:39:45,Gold,3224.25,0.0423,High
2025-08-29 14:39:45,Bitcoin,110241.83,0.013,Low
2025-08-29 15:32:31,Gold,3224.25,0.0185,Low
2025-08-29 15:32:31,Bitcoin,110241.83,0.0275,Medium
2025-08-29 16:47:07,Gold,3224.25,0.0265,Medium
2025-08-29 16:47:07,Bitcoin,110241.83,0.0183,Low
2025-08-29 17:32:35,Gold,3224.25,0.0169,Low
2025-08-29 17:32:35,Bitcoin,110241.83,0.0224,Medium
2025-08-29 18:47:14,Gold,3224.25,0.0297,Medium
2025-08-29 18:47:14,Bitcoin,110241.83,0.0482,High
2025-08-29 19:24:34,Gold,3224.25,0.0434,High
2025-08-29 19:24:34,Bitcoin,110241.83,0.0427,High
2025-08-29 20:34:03,Gold,3228.23,0.0485,High
2025-08-29 20:34:03,Bitcoin,110275.14,0.0286,Medium
2025-08-29 21:29:27,Gold,3228.23,0.0491,High
2025-08-29 21:29:27,Bitcoin,110275.14,0.0381,Medium
2025-08-29 22:35:00,Gold,3228.23,0.0206,Medium
2025-08-29 22:35:00,Bitcoin,110275.14,0.0227,Medium
2025-08-29 23:29:43,Gold,3228.23,0.0377,Medium
2025-08-29 23:29:43,Bitcoin,110275.14,0.0354,Medium
2025-08-30 03:08:56,Gold,3229.5,0.0364,Medium
2025-08-30 03:08:56,Bitcoin,110278.5,0.0459,High
2025-08-30 04:39:33,Gold,3229.5,0.042,High
2025-08-30 04:39:33,Bitcoin,110278.5,0.0153,Low
2025-08-30 05:33:44,Gold,3229.5,0.0409,High
2025-08-30 05:33:44,Bitcoin,110278.5,0.0412,High
2025-08-30 06:50:13,Gold,3229.5,0.0181,Low
2025-08-30 06:50:13,Bitcoin,110278.5,0.0178,Low
2025-08-30 07:27:46,Gold,3229.5,0.0317,Medium
2025-08-30 07:27:46,Bitcoin,110278.5,0.0308,Medium
2025-08-30 08:39:46,Gold,3229.5,0.0283,Medium
2025-08-30 08:39:46,Bitcoin,110278.5,0.0416,High
2025-08-30 09:30:16,Gold,3229.5,0.0444,High
2025-08-30 09:30:16,Bitcoin,110278.5,0.0416,High
2025-08-30 10:35:58,Gold,3229.5,0.0363,Medium
2025-08-30 10:35:58,Bitcoin,110278.5,0.014,Low
2025-08-30 11:24:34,Gold,3229.5,0.0291,Medium
2025-08-30 11:24:34,Bitcoin,110278.5,0.0321,Medium
2025-08-30 13:05:52,Gold,3229.5,0.027,Medium
2025-08-30 13:05:52,Bitcoin,110278.5,0.0378,Medium
2025-08-30 14:32:18,Gold,3229.5,0.0252,Medium
2025-08-30 14:32:18,Bitcoin,110278.5,0.0241,Medium
2025-08-30 15:30:22,Gold,3229.5,0.0276,Medium
2025-08-30 15:30:22,Bitcoin,110278.5,0.0279,Medium
2025-08-30 16:41:09,Gold,3229.5,0.0364,Medium
2025-08-30 16:41:09,Bitcoin,110278.5,0.0257,Medium
2025-08-30 17:30:42,Gold,3229.5,0.0381,Medium
2025-08-30 17:30:42,Bitcoin,110278.5,0.0196,Low
2025-08-30 18:44:49,Gold,3229.5,0.0312,Medium
2025-08-30 18:44:49,Bitcoin,110278.5,0.0168,Low
2025-08-30 19:23:15,Gold,3229.5,0.0428,High
2025-08-30 19:23:15,Bitcoin,110278.5,0.0334,Medium
2025-08-30 20:32:49,Gold,3229.5,0.013,Low
2025-08-30 20:32:49,Bitcoin,110278.5,0.0124,Low
2025-08-30 21:27:53,Gold,3229.5,0.0492,High
2025-08-30 21:27:53,Bitcoin,110278.5,0.0383,Medium
2025-08-30 22:34:06,Gold,3229.5,0.0203,Medium
2025-08-30 22:34:06,Bitcoin,110278.5,0.0133,Low
2025-08-30 23:29:04,Gold,3229.5,0.0136,Low
2025-08-30 23:29:04,Bitcoin,110278.5,0.0332,Medium
2025-08-31 03:19:01,Gold,3229.5,0.0147,Low
2025-08-31 03:19:01,Bitcoin,110278.5,0.027,Medium
2025-08-31 04:40:36,Gold,3229.5,0.0443,High
2025-08-31 04:40:36,Bitcoin,110278.5,0.0145,Low
2025-08-31 05:34:07,Gold,3229.5,0.0176,Low
2025-08-31 05:34:07,Bitcoin,110278.5,0.018,Low
2025-08-31 06:48:31,Gold,3229.5,0.0437,High
2025-08-31 06:48:31,Bitcoin,110278.5,0.0219,Medium
2025-08-31 07:28:34,Gold,3229.5,0.0147,Low
2025-08-31 07:28:34,Bitcoin,110278.5,0.0441,High
2025-08-31 08:38:37,Gold,3229.5,0.048,High
2025-08-31 08:38:37,Bitcoin,110278.5,0.0272,Medium
2025-08-31 09:29:50,Gold,3229.5,0.0126,Low
2025-08-31 09:29:50,Bitcoin,110278.5,0.022,Medium
2025-08-31 10:35:50,Gold,3229.5,0.0142,Low
2025-08-31 10:35:50,Bitcoin,110278.5,0.0452,High
2025-08-31 11:24:56,Gold,3229.5,0.0443,High
2025-08-31 11:24:56,Bitcoin,110278.5,0.04,High
2025-08-31 13:07:06,Gold,3229.5,0.0441,High
2025-08-31 13:07:06,Bitcoin,110278.5,0.0407,High
2025-08-31 14:33:50,Gold,3229.5,0.0465,High
2025-08-31 14:33:50,Bitcoin,110278.5,0.0338,Medium
2025-08-31 15:31:30,Gold,3229.5,0.01,Low
2025-08-31 15:31:30,Bitcoin,110278.5,0.0316,Medium
2025-08-31 16:41:40,Gold,3229.5,0.0457,High
2025-08-31 16:41:40,Bitcoin,110278.5,0.0459,High
2025-08-31 17:31:34,Gold,3229.5,0.0152,Low
2025-08-31 17:31:34,Bitcoin,110278.5,0.0429,High
2025-08-31 18:45:44,Gold,3229.5,0.0378,Medium
2025-08-31 18:45:44,Bitcoin,110278.5,0.033,Medium
2025-08-31 19:24:02,Gold,3229.5,0.0138,Low
2025-08-31 19:24:02,Bitcoin,110278.5,0.0222,Medium
2025-08-31 20:34:03,Gold,3229.5,0.0282,Medium
2025-08-31 20:34:03,Bitcoin,110278.5,0.0337,Medium
2025-08-31 21:29:08,Gold,3229.5,0.0173,Low
2025-08-31 21:29:08,Bitcoin,110278.5,0.044,High
2025-08-31 22:35:23,Gold,3229.5,0.0454,High
2025-08-31 22:35:23,Bitcoin,110278.5,0.0231,Medium
2025-08-31 23:30:07,Gold,3229.5,0.0462,High
2025-08-31 23:30:07,Bitcoin,110278.5,0.0363,Medium
2025-09-01 03:45:09,Gold,3229.5,0.0467,High
2025-09-01 03:45:09,Bitcoin,110278.5,0.0474,High
2025-09-01 04:50:29,Gold,3229.5,0.0235,Medium
2025-09-01 04:50:29,Bitcoin,110278.5,0.0243,Medium
2025-09-01 05:40:36,Gold,3229.5,0.0476,High
2025-09-01 05:40:36,Bitcoin,110278.5,0.0412,High
2025-09-01 06:57:21,Gold,3229.5,0.0266,Medium
2025-09-01 06:57:21,Bitcoin,110278.5,0.0385,Medium
2025-09-01 07:34:00,Gold,3229.5,0.0277,Medium
2025-09-01 07:34:00,Bitcoin,110278.5,0.0454,High
2025-09-01 08:51:55,Gold,3229.5,0.0271,Medium
2025-09-01 08:51:55,Bitcoin,110278.5,0.0121,Low
2025-09-01 09:41:52,Gold,3229.5,0.0123,Low
2025-09-01 09:41:52,Bitcoin,110278.5,0.0371,Medium
2025-09-01 10:45:19,Gold,3229.5,0.0277,Medium
2025-09-01 10:45:19,Bitcoin,110278.5,0.0128,Low
2025-09-01 11:28:40,Gold,3229.5,0.0429,High
2025-09-01 11:28:40,Bitcoin,110278.5,0.0494,High
2025-09-01 13:37:39,Gold,3229.5,0.0411,High
2025-09-01 13:37:39,Bitcoin,110278.5,0.0308,Medium
2025-09-01 14:40:19,Gold,3229.5,0.0105,Low
2025-09-01 14:40:19,Bitcoin,110278.5,0.0452,High
2025-09-01 15:34:17,Gold,3229.5,0.0259,Medium
2025-09-01 15:34:17,Bitcoin,110278.5,0.0221,Medium
2025-09-01 16:44:43,Gold,3229.5,0.0142,Low
2025-09-01 16:44:43,Bitcoin,110278.5,0.0248,Medium
2025-09-01 17:31:50,Gold,3229.5,0.0408,High
2025-09-01 17:31:50,Bitcoin,110278.5,0.0332,Medium
2025-09-01 18:48:28,Gold,3229.5,0.0265,Medium
2025-09-01 18:48:28,Bitcoin,110278.5,0.0108,Low
2025-09-01 19:25:01,Gold,3229.5,0.0163,Low
2025-09-01 19:25:01,Bitcoin,110278.5,0.0276,Medium
2025-09-01 20:33:58,Gold,3229.5,0.0474,High
2025-09-01 20:33:58,Bitcoin,110278.5,0.0454,High
2025-09-01 21:29:08,Gold,3229.5,0.0251,Medium
2025-09-01 21:29:08,Bitcoin,110278.5,0.0158,Low
2025-09-01 22:36:05,Gold,3229.5,0.0159,Low
2025-09-01 22:36:05,Bitcoin,110278.5,0.0307,Medium
2025-09-01 23:30:12,Gold,3229.5,0.0348,Medium
2025-09-01 23:30:12,Bitcoin,110278.5,0.0189,Low
2025-09-02 03:19:37,Gold,3229.5,0.024,Medium
2025-09-02 03:19:37,Bitcoin,110278.5,0.0286,Medium
2025-09-02 04:44:20,Gold,3229.5,0.0225,Medium
2025-09-02 04:44:20,Bitcoin,110278.5,0.0306,Medium
2025-09-02 05:40:36,Gold,3229.5,0.0251,Medium
2025-09-02 05:40:36,Bitcoin,110278.5,0.0308,Medium
2025-09-02 06:55:03,Gold,3229.5,0.022,Medium
2025-09-02 06:55:03,Bitcoin,110278.5,0.0122,Low
2025-09-02 07:33:17,Gold,3229.5,0.0161,Low
2025-09-02 07:33:17,Bitcoin,110278.5,0.0102,Low
2025-09-02 08:49:38,Gold,3229.5,0.0458,High
2025-09-02 08:49:38,Bitcoin,110278.5,0.0389,Medium
2025-09-02 09:37:59,Gold,3229.5,0.0314,Medium
2025-09-02 09:37:59,Bitcoin,110278.5,0.0381,Medium
2025-09-02 10:42:44,Gold,3231.15,0.038,Medium
2025-09-02 10:42:44,Bitcoin,110318.47,0.0342,Medium
2025-09-02 11:28:29,Gold,3231.15,0.025,Medium
2025-09-02 11:28:29,Bitcoin,110318.47,0.0296,Medium
2025-09-02 13:39:22,Gold,3231.15,0.0252,Medium
2025-09-02 13:39:22,Bitcoin,110318.47,0.0122,Low
2025-09-02 14:44:55,Gold,3231.15,0.0101,Low
2025-09-02 14:44:55,Bitcoin,110318.47,0.0252,Medium
2025-09-02 15:39:54,Gold,3231.15,0.0155,Low
2025-09-02 15:39:54,Bitcoin,110318.47,0.0295,Medium
2025-09-02 16:49:18,Gold,3231.15,0.0173,Low
2025-09-02 16:49:18,Bitcoin,110318.47,0.0341,Medium
2025-09-02 17:32:18,Gold,3231.15,0.0103,Low
2025-09-02 17:32:18,Bitcoin,110318.47,0.04,High
2025-09-02 18:47:55,Gold,3231.15,0.0259,Medium
2025-09-02 18:47:55,Bitcoin,110318.47,0.0154,Low
2025-09-02 19:24:26,Gold,3231.15,0.0282,Medium
2025-09-02 19:24:26,Bitcoin,110318.47,0.0142,Low
2025-09-02 20:31:02,Gold,3229.34,0.0455,High
2025-09-02 20:31:02,Bitcoin,110306.01,0.0153,Low
2025-09-02 21:28:20,Gold,3229.34,0.0385,Medium
2025-09-02 21:28:20,Bitcoin,110306.01,0.0271,Medium
2025-09-02 22:32:51,Gold,3229.34,0.0219,Medium
2025-09-02 22:32:51,Bitcoin,110306.01,0.0447,High
2025-09-02 23:27:23,Gold,3229.34,0.0373,Medium
2025-09-02 23:27:23,Bitcoin,110306.01,0.0369,Medium
2025-09-03 03:04:43,Gold,3230.73,0.0448,High
2025-09-03 03:04:43,Bitcoin,110312.95,0.0409,High
2025-09-03 04:41:01,Gold,3230.73,0.0143,Low
2025-09-03 04:41:01,Bitcoin,110312.95,0.0378,Medium
2025-09-03 05:34:21,Gold,3230.73,0.0337,Medium
2025-09-03 05:34:21,Bitcoin,110312.95,0.0435,High
2025-09-03 06:49:26,Gold,3230.73,0.0153,Low
2025-09-03 06:49:26,Bitcoin,110312.95,0.02,Medium
2025-09-03 07:30:45,Gold,3230.73,0.0229,Medium
2025-09-03 07:30:45,Bitcoin,110312.95,0.0212,Medium
2025-09-03 08:44:34,Gold,3230.73,0.0127,Low
2025-09-03 08:44:34,Bitcoin,110312.95,0.0322,Medium
2025-09-03 08:46:11,Gold,3230.73,0.0348,Medium
2025-09-03 08:46:11,Bitcoin,110312.95,0.0183,Low
2025-09-03 09:34:12,Gold,3230.73,0.0301,Medium
2025-09-03 09:34:12,Bitcoin,110312.95,0.0317,Medium
2025-09-03 10:39:15,Gold,3230.73,0.0243,Medium
2025-09-03 10:39:15,Bitcoin,110312.95,0.0479,High
2025-09-03 11:26:46,Gold,3230.73,0.032,Medium
2025-09-03 11:26:46,Bitcoin,110312.95,0.0485,High
2025-09-03 13:34:26,Gold,3230.73,0.0216,Medium
2025-09-03 13:34:26,Bitcoin,110312.95,0.0274,Medium
2025-09-03 14:40:16,Gold,3230.73,0.0429,High
2025-09-03 14:40:16,Bitcoin,110312.95,0.0282,Medium
2025-09-03 15:36:41,Gold,3230.73,0.0184,Low
2025-09-03 15:36:41,Bitcoin,110312.95,0.0373,Medium
2025-09-03 16:46:46,Gold,3230.73,0.0133,Low
2025-09-03 16:46:46,Bitcoin,110312.95,0.0105,Low
2025-09-03 17:33:38,Gold,3230.73,0.011,Low
2025-09-03 17:33:38,Bitcoin,110312.95,0.0297,Medium
2025-09-03 18:44:38,Gold,3230.73,0.0211,Medium
2025-09-03 18:44:38,Bitcoin,110312.95,0.0424,High
2025-09-03 19:25:53,Gold,3230.73,0.0111,Low
2025-09-03 19:25:53,Bitcoin,110312.95,0.0209,Medium
2025-09-03 20:35:09,Gold,3220.78,0.0248,Medium
2025-09-03 20:35:09,Bitcoin,110229.68,0.0252,Medium
2025-09-03 21:28:57,Gold,3220.78,0.0264,Medium
2025-09-03 21:28:57,Bitcoin,110229.68,0.0483,High
2025-09-03 22:33:53,Gold,3220.78,0.021,Medium
2025-09-03 22:33:53,Bitcoin,110229.68,0.0143,Low
2025-09-03 23:28:35,Gold,3220.78,0.0276,Medium
2025-09-03 23:28:35,Bitcoin,110229.68,0.0399,Medium
2025-09-04 03:05:44,Gold,3219.69,0.0136,Low
2025-09-04 03:05:44,Bitcoin,110222.0,0.0463,High
2025-09-04 04:40:17,Gold,3219.69,0.0109,Low
2025-09-04 04:40:17,Bitcoin,110222.0,0.0238,Medium
2025-09-04 05:34:18,Gold,3219.69,0.011,Low
2025-09-04 05:34:18,Bitcoin,110222.0,0.0388,Medium
2025-09-04 06:50:54,Gold,3219.69,0.0193,Low
2025-09-04 06:50:54,Bitcoin,110222.0,0.0459,High
2025-09-04 07:30:04,Gold,3219.69,0.0308,Medium
2025-09-04 07:30:04,Bitcoin,110222.0,0.0451,High
2025-09-04 07:50:58,Gold,3219.69,0.0103,Low
2025-09-04 07:50:58,Bitcoin,110222.0,0.0224,Medium
2025-09-04 08:45:07,Gold,3219.69,0.0132,Low
2025-09-04 08:45:07,Bitcoin,110222.0,0.0212,Medium
2025-09-04 08:47:29,Gold,3219.69,0.0325,Medium
2025-09-04 08:47:29,Bitcoin,110222.0,0.0351,Medium
2025-09-04 09:33:46,Gold,3219.69,0.0323,Medium
2025-09-04 09:33:46,Bitcoin,110222.0,0.0232,Medium
2025-09-04 10:39:30,Gold,3219.69,0.0165,Low
2025-09-04 10:39:30,Bitcoin,110222.0,0.0136,Low
2025-09-04 11:27:47,Gold,3219.69,0.012,Low
2025-09-04 11:27:47,Bitcoin,110222.0,0.0278,Medium
2025-09-04 13:18:31,Gold,3219.69,0.017,Low
2025-09-04 13:18:31,Bitcoin,110222.0,0.0387,Medium
2025-09-04 13:42:40,Gold,3219.69,0.0486,High
2025-09-04 13:42:40,Bitcoin,110222.0,0.0262,Medium
2025-09-04 13:46:00,Gold,3219.69,0.021,Medium
2025-09-04 13:46:00,Bitcoin,110222.0,0.0499,High
2025-09-04 13:55:52,Gold,3219.69,0.0483,High
2025-09-04 13:55:52,Bitcoin,110222.0,0.0307,Medium
2025-09-04 14:03:16,Gold,3219.69,0.0158,Low
2025-09-04 14:03:16,Bitcoin,110222.0,0.0391,Medium
2025-09-04 14:40:35,Gold,3219.69,0.0304,Medium
2025-09-04 14:40:35,Bitcoin,110222.0,0.0218,Medium
2025-09-04 15:36:37,Gold,3219.69,0.0335,Medium
2025-09-04 15:36:37,Bitcoin,110222.0,0.0281,Medium
2025-09-04 15:43:15,Gold,3219.69,0.0261,Medium
2025-09-04 15:43:15,Bitcoin,110222.0,0.0494,High
2025-09-04 16:09:51,Gold,3219.69,0.0162,Low
2025-09-04 16:09:51,Bitcoin,110222.0,0.0228,Medium
2025-09-04 16:47:05,Gold,3219.69,0.027,Medium
2025-09-04 16:47:05,Bitcoin,110222.0,0.0117,Low
2025-09-04 17:32:26,Gold,3219.69,0.0148,Low
2025-09-04 17:32:26,Bitcoin,110222.0,0.0467,High
2025-09-04 18:48:43,Gold,3222.59,0.0186,Low
2025-09-04 18:48:43,Bitcoin,110241.34,0.0134,Low
2025-09-04 19:24:11,Gold,3222.59,0.0394,Medium
2025-09-04 19:24:11,Bitcoin,110241.34,0.0101,Low
2025-09-04 20:34:00,Gold,3234.53,0.0207,Medium
2025-09-04 20:34:00,Bitcoin,110341.27,0.0357,Medium
2025-09-04 21:29:28,Gold,3234.53,0.0273,Medium
2025-09-04 21:29:28,Bitcoin,110341.27,0.0467,High
2025-09-04 22:34:44,Gold,3234.53,0.0495,High
2025-09-04 22:34:44,Bitcoin,110341.27,0.0378,Medium
2025-09-04 23:29:00,Gold,3234.53,0.0291,Medium
2025-09-04 23:29:00,Bitcoin,110341.27,0.0345,Medium
2025-09-05 03:10:01,Gold,3233.18,0.0116,Low
2025-09-05 03:10:01,Bitcoin,110342.76,0.048,High
2025-09-05 04:40:54,Gold,3233.18,0.0129,Low
2025-09-05 04:40:54,Bitcoin,110342.76,0.0187,Low
2025-09-05 05:34:56,Gold,3233.18,0.0328,Medium
2025-09-05 05:34:56,Bitcoin,110342.76,0.01,Low
2025-09-05 06:51:38,Gold,3233.18,0.0104,Low
2025-09-05 06:51:38,Bitcoin,110342.76,0.0204,Medium
2025-09-05 07:30:33,Gold,3233.18,0.0188,Low
2025-09-05 07:30:33,Bitcoin,110342.76,0.0119,Low
2025-09-05 08:12:57,Gold,3233.18,0.0372,Medium
2025-09-05 08:12:57,Bitcoin,110342.76,0.0401,High
2025-09-05 08:18:39,Gold,3233.18,0.0372,Medium
2025-09-05 08:18:39,Bitcoin,110342.76,0.0458,High
2025-09-05 08:32:37,Gold,3233.18,0.0426,High
2025-09-05 08:32:37,Bitcoin,110342.76,0.0426,High
2025-09-05 08:41:29,Gold,3233.18,0.0177,Low
2025-09-05 08:41:29,Bitcoin,110342.76,0.0258,Medium
2025-09-05 08:44:51,Gold,3233.18,0.0212,Medium
2025-09-05 08:44:51,Bitcoin,110342.76,0.0417,High
2025-09-05 08:46:09,Gold,3233.18,0.0108,Low
2025-09-05 08:46:09,Bitcoin,110342.76,0.0422,High
2025-09-05 09:34:09,Gold,3233.18,0.0321,Medium
2025-09-05 09:34:09,Bitcoin,110342.76,0.0336,Medium
2025-09-05 10:40:27,Gold,3233.18,0.0193,Low
2025-09-05 10:40:27,Bitcoin,110342.76,0.0412,High
2025-09-05 10:43:52,Gold,3233.18,0.0286,Medium
2025-09-05 10:43:52,Bitcoin,110342.76,0.0155,Low
2025-09-05 11:17:14,Gold,3233.18,0.0422,High
2025-09-05 11:17:14,Bitcoin,110342.76,0.0409,High
2025-09-05 11:26:41,Gold,3233.18,0.0434,High
2025-09-05 11:26:41,Bitcoin,110342.76,0.0421,High
2025-09-05 11:35:36,Gold,3233.18,0.0252,Medium
2025-09-05 11:35:36,Bitcoin,110342.76,0.0294,Medium
2025-09-05 11:53:45,Gold,3233.18,0.0103,Low
2025-09-05 11:53:45,Bitcoin,110342.76,0.0288,Medium
2025-09-05 12:10:59,Gold,3233.18,0.0214,Medium
2025-09-05 12:10:59,Bitcoin,110342.76,0.0459,High
2025-09-05 12:24:46,Gold,3233.18,0.0293,Medium
2025-09-05 12:24:46,Bitcoin,110342.76,0.0415,High
2025-09-05 12:40:54,Gold,3233.18,0.0167,Low
2025-09-05 12:40:54,Bitcoin,110342.76,0.0468,High
2025-09-05 13:01:47,Gold,3233.18,0.0269,Medium
2025-09-05 13:01:47,Bitcoin,110342.76,0.0221,Medium
2025-09-05 13:19:06,Gold,3233.18,0.0347,Medium
2025-09-05 13:19:06,Bitcoin,110342.76,0.0114,Low
2025-09-05 13:22:49,Gold,3233.18,0.0387,Medium
2025-09-05 13:22:49,Bitcoin,110342.76,0.0113,Low
2025-09-05 14:38:41,Gold,3233.18,0.0162,Low
2025-09-05 14:38:41,Bitcoin,110342.76,0.0225,Medium
2025-09-05 14:47:37,Gold,3233.18,0.0298,Medium
2025-09-05 14:47:37,Bitcoin,110342.76,0.032,Medium
2025-09-05 14:52:16,Gold,3233.18,0.0496,High
2025-09-05 14:52:16,Bitcoin,110342.76,0.0144,Low
2025-09-05 14:59:45,Gold,3233.18,0.0341,Medium
2025-09-05 14:59:45,Bitcoin,110342.76,0.0265,Medium
2025-09-05 15:15:09,Gold,3233.18,0.0273,Medium
2025-09-05 15:15:09,Bitcoin,110342.76,0.0252,Medium
2025-09-05 15:33:52,Gold,3233.18,0.0421,High
2025-09-05 15:33:52,Bitcoin,110342.76,0.0224,Medium
2025-09-05 15:37:00,Gold,3233.18,0.0244,Medium
2025-09-05 15:37:00,Bitcoin,110342.76,0.042,High
2025-09-05 15:48:43,Gold,3233.18,0.0488,High
2025-09-05 15:48:43,Bitcoin,110342.76,0.0496,High
2025-09-05 16:42:20,Gold,3233.18,0.0245,Medium
2025-09-05 16:42:20,Bitcoin,110342.76,0.0155,Low
2025-09-05 17:32:39,Gold,3233.18,0.0114,Low
2025-09-05 17:32:39,Bitcoin,110342.76,0.0468,High
2025-09-05 18:46:43,Gold,3233.18,0.043,High
2025-09-05 18:46:43,Bitcoin,110342.76,0.0139,Low
2025-09-05 18:59:45,Gold,3233.18,0.0218,Medium
2025-09-05 18:59:45,Bitcoin,110342.76,0.0394,Medium
2025-09-05 19:25:46,Gold,3233.18,0.0266,Medium
2025-09-05 19:25:46,Bitcoin,110342.76,0.0366,Medium
2025-09-05 20:36:02,Gold,3243.12,0.05,High
2025-09-05 20:36:02,Bitcoin,110426.03,0.042,High
2025-09-05 21:28:49,Gold,3243.12,0.0484,High
2025-09-05 21:28:49,Bitcoin,110426.03,0.0239,Medium
2025-09-05 22:34:18,Gold,3243.12,0.0282,Medium
2025-09-05 22:34:18,Bitcoin,110426.03,0.0308,Medium
2025-09-05 23:29:03,Gold,3243.12,0.046,High
2025-09-05 23:29:03,Bitcoin,110426.03,0.032,Medium
2025-09-06 03:05:20,Gold,3242.48,0.0259,Medium
2025-09-06 03:05:20,Bitcoin,110398.5,0.0476,High
2025-09-06 04:38:57,Gold,3242.48,0.0433,High
2025-09-06 04:38:57,Bitcoin,110398.5,0.0441,High
2025-09-06 05:32:49,Gold,3242.48,0.0485,High
2025-09-06 05:32:49,Bitcoin,110398.5,0.0212,Medium
2025-09-06 06:44:47,Gold,3242.48,0.0154,Low
2025-09-06 06:44:47,Bitcoin,110398.5,0.0378,Medium
2025-09-06 07:26:35,Gold,3242.48,0.0122,Low
2025-09-06 07:26:35,Bitcoin,110398.5,0.0204,Medium
2025-09-06 08:37:05,Gold,3242.48,0.0382,Medium
2025-09-06 08:37:05,Bitcoin,110398.5,0.019,Low
2025-09-06 09:28:55,Gold,3242.48,0.029,Medium
2025-09-06 09:28:55,Bitcoin,110398.5,0.0185,Low
2025-09-06 10:33:49,Gold,3242.48,0.0319,Medium
2025-09-06 10:33:49,Bitcoin,110398.5,0.0297,Medium
2025-09-06 11:23:20,Gold,3242.48,0.018,Low
2025-09-06 11:23:20,Bitcoin,110398.5,0.0226,Medium
2025-09-06 13:02:57,Gold,3242.48,0.0365,Medium
2025-09-06 13:02:57,Bitcoin,110398.5,0.0241,Medium
2025-09-06 14:31:14,Gold,3242.48,0.0138,Low
2025-09-06 14:31:14,Bitcoin,110398.5,0.0491,High
2025-09-06 15:28:24,Gold,3242.48,0.0443,High
2025-09-06 15:28:24,Bitcoin,110398.5,0.0288,Medium
2025-09-06 16:38:58,Gold,3242.48,0.0199,Low
2025-09-06 16:38:58,Bitcoin,110398.5,0.0219,Medium
2025-09-06 17:28:29,Gold,3242.48,0.0359,Medium
2025-09-06 17:28:29,Bitcoin,110398.5,0.0458,High
2025-09-06 18:42:20,Gold,3242.48,0.019,Low
2025-09-06 18:42:20,Bitcoin,110398.5,0.0111,Low
2025-09-06 19:21:40,Gold,3242.48,0.0374,Medium
2025-09-06 19:21:40,Bitcoin,110398.5,0.0152,Low
2025-09-06 20:31:11,Gold,3242.48,0.0499,High
2025-09-06 20:31:11,Bitcoin,110398.5,0.017,Low
2025-09-06 21:26:34,Gold,3242.48,0.0309,Medium
2025-09-06 21:26:34,Bitcoin,110398.5,0.0412,High
2025-09-06 22:31:57,Gold,3242.48,0.0222,Medium
2025-09-06 22:31:57,Bitcoin,110398.5,0.0408,High
2025-09-06 23:27:33,Gold,3242.48,0.0292,Medium
2025-09-06 23:27:33,Bitcoin,110398.5,0.0425,High
2025-09-07 03:14:20,Gold,3242.48,0.038,Medium
2025-09-07 03:14:20,Bitcoin,110398.5,0.0461,High
2025-09-07 04:38:43,Gold,3242.48,0.0352,Medium
2025-09-07 04:38:43,Bitcoin,110398.5,0.0284,Medium
2025-09-07 05:32:53,Gold,3242.48,0.0382,Medium
2025-09-07 05:32:53,Bitcoin,110398.5,0.0267,Medium
2025-09-07 06:45:32,Gold,3242.48,0.0291,Medium
2025-09-07 06:45:32,Bitcoin,110398.5,0.0219,Medium
2025-09-07 07:27:48,Gold,3242.48,0.0161,Low
2025-09-07 07:27:48,Bitcoin,110398.5,0.011,Low
2025-09-07 08:35:51,Gold,3242.48,0.0382,Medium
2025-09-07 08:35:51,Bitcoin,110398.5,0.0307,Medium
2025-09-07 08:37:12,Gold,3242.48,0.0352,Medium
2025-09-07 08:37:12,Bitcoin,110398.5,0.0329,Medium
2025-09-07 09:29:27,Gold,3242.48,0.0273,Medium
2025-09-07 09:29:27,Bitcoin,110398.5,0.0465,High
2025-09-07 10:35:05,Gold,3242.48,0.0392,Medium
2025-09-07 10:35:05,Bitcoin,110398.5,0.016,Low
2025-09-07 11:23:37,Gold,3242.48,0.0154,Low
2025-09-07 11:23:37,Bitcoin,110398.5,0.0227,Medium
2025-09-07 13:04:04,Gold,3242.48,0.0182,Low
2025-09-07 13:04:04,Bitcoin,110398.5,0.019,Low
2025-09-07 14:30:55,Gold,3242.48,0.0341,Medium
2025-09-07 14:30:55,Bitcoin,110398.5,0.0426,High
2025-09-07 15:29:22,Gold,3242.48,0.0176,Low
2025-09-07 15:29:22,Bitcoin,110398.5,0.0366,Medium
2025-09-07 16:38:59,Gold,3242.48,0.028,Medium
2025-09-07 16:38:59,Bitcoin,110398.5,0.041,High
2025-09-07 17:28:42,Gold,3242.48,0.0332,Medium
2025-09-07 17:28:42,Bitcoin,110398.5,0.0196,Low
2025-09-07 18:42:28,Gold,3242.48,0.0344,Medium
2025-09-07 18:42:28,Bitcoin,110398.5,0.028,Medium
2025-09-07 19:22:39,Gold,3242.48,0.0215,Medium
2025-09-07 19:22:39,Bitcoin,110398.5,0.0393,Medium
2025-09-07 20:32:21,Gold,3242.48,0.0369,Medium
2025-09-07 20:32:21,Bitcoin,110398.5,0.0204,Medium
2025-09-07 21:27:07,Gold,3242.48,0.0152,Low
2025-09-07 21:27:07,Bitcoin,110398.5,0.0202,Medium
2025-09-07 22:33:01,Gold,3242.48,0.0204,Medium
2025-09-07 22:33:01,Bitcoin,110398.5,0.0438,High
2025-09-07 23:27:45,Gold,3242.48,0.034,Medium
2025-09-07 23:27:45,Bitcoin,110398.5,0.0498,High
2025-09-08 03:17:54,Gold,3242.48,0.0172,Low
2025-09-08 03:17:54,Bitcoin,110398.5,0.0299,Medium
2025-09-08 04:42:57,Gold,3242.48,0.0479,High
2025-09-08 04:42:57,Bitcoin,110398.5,0.0164,Low
2025-09-08 05:38:12,Gold,3242.48,0.0101,Low
2025-09-08 05:38:12,Bitcoin,110398.5,0.0103,Low
2025-09-08 06:50:04,Gold,3242.48,0.0262,Medium
2025-09-08 06:50:04,Bitcoin,110398.5,0.0165,Low
2025-09-08 06:51:47,Gold,3242.48,0.05,High
2025-09-08 06:51:47,Bitcoin,110398.5,0.0224,Medium
2025-09-08 06:53:42,Gold,3242.48,0.0352,Medium
2025-09-08 06:53:42,Bitcoin,110398.5,0.0316,Medium
2025-09-08 06:56:24,Gold,3242.48,0.0283,Medium
2025-09-08 06:56:24,Bitcoin,110398.5,0.0129,Low
2025-09-08 07:32:30,Gold,3242.48,0.028,Medium
2025-09-08 07:32:30,Bitcoin,110398.5,0.0466,High
2025-09-08 08:51:17,Gold,3242.48,0.0301,Medium
2025-09-08 08:51:17,Bitcoin,110398.5,0.0162,Low
2025-09-08 09:35:21,Gold,3242.48,0.0213,Medium
2025-09-08 09:35:21,Bitcoin,110398.5,0.0404,High
2025-09-08 09:40:29,Gold,3242.48,0.0465,High
2025-09-08 09:40:29,Bitcoin,110398.5,0.0125,Low
2025-09-08 10:42:54,Gold,3242.48,0.0328,Medium
2025-09-08 10:42:54,Bitcoin,110398.5,0.0184,Low
2025-09-08 11:28:02,Gold,3242.48,0.0327,Medium
2025-09-08 11:28:02,Bitcoin,110398.5,0.0119,Low
2025-09-08 13:40:00,Gold,3242.48,0.0499,High
2025-09-08 13:40:00,Bitcoin,110398.5,0.044,High
2025-09-08 14:11:35,Gold,3242.48,0.0294,Medium
2025-09-08 14:11:35,Bitcoin,110398.5,0.0273,Medium
2025-09-08 14:44:15,Gold,3242.48,0.0381,Medium
2025-09-08 14:44:15,Bitcoin,110398.5,0.0354,Medium
2025-09-08 15:38:00,Gold,3242.48,0.0181,Low
2025-09-08 15:38:00,Bitcoin,110398.5,0.0396,Medium
2025-09-08 16:07:46,Gold,3242.48,0.0354,Medium
2025-09-08 16:07:46,Bitcoin,110398.5,0.0473,High
2025-09-08 16:17:59,Gold,3242.48,0.0342,Medium
2025-09-08 16:17:59,Bitcoin,110398.5,0.0239,Medium
2025-09-08 16:48:06,Gold,3242.48,0.0364,Medium
2025-09-08 16:48:06,Bitcoin,110398.5,0.0326,Medium
2025-09-08 17:33:55,Gold,3242.48,0.0495,High
2025-09-08 17:33:55,Bitcoin,110398.5,0.0424,High
2025-09-08 18:49:14,Gold,3242.48,0.0401,High
2025-09-08 18:49:14,Bitcoin,110398.5,0.0146,Low
2025-09-08 19:26:32,Gold,3242.48,0.0339,Medium
2025-09-08 19:26:32,Bitcoin,110398.5,0.0266,Medium
2025-09-08 20:36:39,Gold,3256.52,0.0452,High
2025-09-08 20:36:39,Bitcoin,110517.9,0.0298,Medium
2025-09-08 21:30:30,Gold,3256.52,0.0138,Low
2025-09-08 21:30:30,Bitcoin,110517.9,0.0299,Medium
2025-09-08 22:34:59,Gold,3256.52,0.047,High
2025-09-08 22:34:59,Bitcoin,110517.9,0.0217,Medium
2025-09-08 23:30:25,Gold,3256.52,0.0245,Medium
2025-09-08 23:30:25,Bitcoin,110517.9,0.0102,Low
2025-09-09 03:13:43,Gold,3256.66,0.0283,Medium
2025-09-09 03:13:43,Bitcoin,110528.04,0.0311,Medium
2025-09-09 04:41:45,Gold,3256.66,0.0491,High
2025-09-09 04:41:45,Bitcoin,110528.04,0.0399,Medium
2025-09-09 05:35:51,Gold,3256.66,0.0279,Medium
2025-09-09 05:35:51,Bitcoin,110528.04,0.0129,Low
2025-09-09 06:52:53,Gold,3256.66,0.0242,Medium
2025-09-09 06:52:53,Bitcoin,110528.04,0.041,High
2025-09-09 07:32:26,Gold,3256.66,0.0289,Medium
2025-09-09 07:32:26,Bitcoin,110528.04,0.0208,Medium
2025-09-09 08:50:06,Gold,3256.66,0.045,High
2025-09-09 08:50:06,Bitcoin,110528.04,0.0435,High
2025-09-09 09:38:35,Gold,3256.66,0.0376,Medium
2025-09-09 09:38:35,Bitcoin,110528.04,0.0136,Low
2025-09-09 10:42:57,Gold,3256.66,0.02,Medium
2025-09-09 10:42:57,Bitcoin,110528.04,0.0456,High
2025-09-09 11:28:59,Gold,3256.66,0.0196,Low
2025-09-09 11:28:59,Bitcoin,110528.04,0.0371,Medium
2025-09-09 11:43:53,Gold,3256.66,0.0101,Low
2025-09-09 11:43:53,Bitcoin,110528.04,0.0149,Low
2025-09-09 12:18:56,Gold,3256.66,0.0382,Medium
2025-09-09 12:18:56,Bitcoin,110528.04,0.0421,High
2025-09-09 13:13:20,Gold,3256.66,0.0398,Medium
2025-09-09 13:13:20,Bitcoin,110528.04,0.0358,Medium
2025-09-09 13:23:14,Gold,3256.66,0.0122,Low
2025-09-09 13:23:14,Bitcoin,110528.04,0.0207,Medium
2025-09-09 13:43:08,Gold,3256.66,0.0293,Medium
2025-09-09 13:43:08,Bitcoin,110528.04,0.0345,Medium
2025-09-09 13:59:53,Gold,3256.66,0.0121,Low
2025-09-09 13:59:53,Bitcoin,110528.04,0.0378,Medium
2025-09-09 14:33:17,Gold,3256.66,0.0378,Medium
2025-09-09 14:33:17,Bitcoin,110528.04,0.0303,Medium
2025-09-09 14:41:04,Gold,3256.66,0.0224,Medium
2025-09-09 14:41:04,Bitcoin,110528.04,0.0284,Medium
2025-09-09 14:50:34,Gold,3256.66,0.0323,Medium
2025-09-09 14:50:34,Bitcoin,110528.04,0.04,High
2025-09-09 15:39:21,Gold,3256.66,0.0165,Low
2025-09-09 15:39:21,Bitcoin,110528.04,0.0195,Low
2025-09-09 15:45:09,Gold,3256.66,0.0433,High
2025-09-09 15:45:09,Bitcoin,110528.04,0.0326,Medium
2025-09-09 16:00:32,Gold,3256.66,0.0495,High
2025-09-09 16:00:32,Bitcoin,110528.04,0.0171,Low
2025-09-09 16:08:58,Gold,3256.66,0.0266,Medium
2025-09-09 16:08:58,Bitcoin,110528.04,0.0271,Medium
2025-09-09 16:20:04,Gold,3256.66,0.0211,Medium
2025-09-09 16:20:04,Bitcoin,110528.04,0.0471,High
2025-09-09 16:49:00,Gold,3256.66,0.0106,Low
2025-09-09 16:49:00,Bitcoin,110528.04,0.026,Medium
2025-09-09 17:32:40,Gold,3256.66,0.0233,Medium
2025-09-09 17:32:40,Bitcoin,110528.04,0.0183,Low
2025-09-09 18:45:31,Gold,3256.66,0.0235,Medium
2025-09-09 18:45:31,Bitcoin,110528.04,0.029,Medium
2025-09-09 19:25:30,Gold,3256.66,0.0467,High
2025-09-09 19:25:30,Bitcoin,110528.04,0.0394,Medium
2025-09-09 20:34:38,Gold,3266.61,0.0121,Low
2025-09-09 20:34:38,Bitcoin,110611.32,0.0103,Low
2025-09-09 21:29:11,Gold,3266.61,0.0112,Low
2025-09-09 21:29:11,Bitcoin,110611.32,0.0471,High
2025-09-09 22:33:35,Gold,3266.61,0.037,Medium
2025-09-09 22:33:35,Bitcoin,110611.32,0.0341,Medium
2025-09-09 23:27:33,Gold,3266.61,0.0152,Low
2025-09-09 23:27:33,Bitcoin,110611.32,0.0365,Medium
2025-09-10 03:04:41,Gold,3266.7,0.0157,Low
2025-09-10 03:04:41,Bitcoin,110624.67,0.0305,Medium
2025-09-10 04:38:39,Gold,3266.7,0.0237,Medium
2025-09-10 04:38:39,Bitcoin,110624.67,0.0181,Low
2025-09-10 05:34:50,Gold,3266.7,0.0289,Medium
2025-09-10 05:34:50,Bitcoin,110624.67,0.0492,High
2025-09-10 06:51:07,Gold,3266.7,0.0485,High
2025-09-10 06:51:07,Bitcoin,110624.67,0.0133,Low
2025-09-10 07:30:46,Gold,3266.7,0.0151,Low
2025-09-10 07:30:46,Bitcoin,110624.67,0.0209,Medium
2025-09-10 07:34:26,Gold,3266.7,0.0427,High
2025-09-10 07:34:26,Bitcoin,110624.67,0.0204,Medium
2025-09-10 08:19:27,Gold,3266.7,0.0362,Medium
2025-09-10 08:19:27,Bitcoin,110624.67,0.0459,High
2025-09-10 08:48:50,Gold,3266.7,0.0325,Medium
2025-09-10 08:48:50,Bitcoin,110624.67,0.0132,Low
2025-09-10 09:29:59,Gold,3266.7,0.0431,High
2025-09-10 09:29:59,Bitcoin,110624.67,0.0273,Medium
2025-09-10 09:34:17,Gold,3266.7,0.0288,Medium
2025-09-10 09:34:17,Bitcoin,110624.67,0.0254,Medium
2025-09-10 10:39:56,Gold,3266.7,0.0432,High
2025-09-10 10:39:56,Bitcoin,110624.67,0.0309,Medium
2025-09-10 11:26:37,Gold,3266.7,0.0365,Medium
2025-09-10 11:26:37,Bitcoin,110624.67,0.0452,High
2025-09-10 13:20:00,Gold,3266.7,0.0131,Low
2025-09-10 13:20:00,Bitcoin,110624.67,0.0369,Medium
2025-09-10 14:38:39,Gold,3266.7,0.0151,Low
2025-09-10 14:38:39,Bitcoin,110624.67,0.0471,High
2025-09-10 14:56:52,Gold,3266.7,0.0104,Low
2025-09-10 14:56:52,Bitcoin,110624.67,0.02,Medium
2025-09-10 15:35:00,Gold,3266.7,0.04,High
2025-09-10 15:35:00,Bitcoin,110624.67,0.0246,Medium
2025-09-10 15:36:30,Gold,3266.7,0.0238,Medium
2025-09-10 15:36:30,Bitcoin,110624.67,0.02,Medium
2025-09-10 16:46:16,Gold,3266.7,0.011,Low
2025-09-10 16:46:16,Bitcoin,110624.67,0.0316,Medium
2025-09-10 17:32:17,Gold,3255.25,0.0286,Medium
2025-09-10 17:32:17,Bitcoin,110547.04,0.0363,Medium
2025-09-10 17:38:28,Gold,3255.25,0.0197,Low
2025-09-10 17:38:28,Bitcoin,110547.04,0.019,Low
2025-09-10 17:41:54,Gold,3255.25,0.021,Medium
2025-09-10 17:41:54,Bitcoin,110547.04,0.0286,Medium
2025-09-10 17:46:41,Gold,3255.25,0.0365,Medium
2025-09-10 17:46:41,Bitcoin,110547.04,0.0158,Low
2025-09-10 18:49:36,Gold,3255.25,0.0421,High
2025-09-10 18:49:36,Bitcoin,110547.04,0.0326,Medium
2025-09-10 19:25:07,Gold,3255.25,0.0397,Medium
2025-09-10 19:25:07,Bitcoin,110547.04,0.0491,High
2025-09-10 20:35:02,Gold,3249.29,0.0206,Medium
2025-09-10 20:35:02,Bitcoin,110497.07,0.034,Medium
2025-09-10 21:29:06,Gold,3249.29,0.0127,Low
2025-09-10 21:29:06,Bitcoin,110497.07,0.0221,Medium
2025-09-10 22:34:00,Gold,3249.29,0.0268,Medium
2025-09-10 22:34:00,Bitcoin,110497.07,0.0233,Medium
2025-09-10 23:28:30,Gold,3249.29,0.0356,Medium
2025-09-10 23:28:30,Bitcoin,110497.07,0.0317,Medium
2025-09-11 03:11:16,Gold,3250.32,0.0471,High
2025-09-11 03:11:16,Bitcoin,110531.24,0.0345,Medium
2025-09-11 04:41:23,Gold,3250.32,0.0386,Medium
2025-09-11 04:41:23,Bitcoin,110531.24,0.04,High
2025-09-11 05:35:24,Gold,3250.32,0.0109,Low
2025-09-11 05:35:24,Bitcoin,110531.24,0.0126,Low
2025-09-11 06:51:49,Gold,3250.32,0.039,Medium
2025-09-11 06:51:49,Bitcoin,110531.24,0.0274,Medium
2025-09-11 07:01:14,Gold,3250.32,0.0365,Medium
2025-09-11 07:01:14,Bitcoin,110531.24,0.0213,Medium
2025-09-11 07:07:24,Gold,3250.32,0.0244,Medium
2025-09-11 07:07:24,Bitcoin,110531.24,0.0401,High
2025-09-11 07:30:42,Gold,3250.32,0.0197,Low
2025-09-11 07:30:42,Bitcoin,110531.24,0.0378,Medium
2025-09-11 07:34:55,Gold,3250.32,0.0494,High
2025-09-11 07:34:55,Bitcoin,110531.24,0.0309,Medium
2025-09-11 07:55:09,Gold,3250.32,0.0145,Low
2025-09-11 07:55:09,Bitcoin,110531.24,0.0131,Low
2025-09-11 07:59:55,Gold,3250.32,0.0369,Medium
2025-09-11 07:59:55,Bitcoin,110531.24,0.0191,Low
2025-09-11 08:13:22,Gold,3250.32,0.0393,Medium
2025-09-11 08:13:22,Bitcoin,110531.24,0.0251,Medium
2025-09-11 08:45:33,Gold,3250.32,0.0456,High
2025-09-11 08:45:33,Bitcoin,110531.24,0.0159,Low
2025-09-11 09:12:25,Gold,3250.32,0.0358,Medium
2025-09-11 09:12:25,Bitcoin,110531.24,0.0293,Medium
2025-09-11 09:23:36,Gold,3250.32,0.0494,High
2025-09-11 09:23:36,Bitcoin,110531.24,0.0481,High
2025-09-11 09:31:06,Gold,3250.32,0.021,Medium
2025-09-11 09:31:06,Bitcoin,110531.24,0.0245,Medium
2025-09-11 09:37:59,Gold,3250.32,0.0328,Medium
2025-09-11 09:37:59,Bitcoin,110531.24,0.0422,High
2025-09-11 09:44:09,Gold,3250.32,0.0417,High
2025-09-11 09:44:09,Bitcoin,110531.24,0.019,Low
2025-09-11 10:39:18,Gold,3250.32,0.02,Medium
2025-09-11 10:39:18,Bitcoin,110531.24,0.0426,High
2025-09-11 11:26:19,Gold,3250.32,0.0161,Low
2025-09-11 11:26:19,Bitcoin,110531.24,0.0317,Medium
2025-09-11 12:32:48,Gold,3250.32,0.0137,Low
2025-09-11 12:32:48,Bitcoin,110531.24,0.046,High
2025-09-11 13:23:00,Gold,3297.96,0.0112,Low
2025-09-11 13:23:00,Bitcoin,110840.97,0.0155,Low
2025-09-11 13:31:34,Gold,3297.96,0.026,Medium
2025-09-11 13:31:34,Bitcoin,110840.97,0.0393,Medium
2025-09-11 14:38:00,Gold,3297.96,0.0241,Medium
2025-09-11 14:38:00,Bitcoin,110840.97,0.0474,High
2025-09-11 15:31:37,Gold,3297.96,0.0379,Medium
2025-09-11 15:31:37,Bitcoin,110840.97,0.0429,High
2025-09-11 16:40:31,Gold,3297.96,0.024,Medium
2025-09-11 16:40:31,Bitcoin,110840.97,0.0337,Medium
2025-09-11 17:30:33,Gold,3297.96,0.0338,Medium
2025-09-11 17:30:33,Bitcoin,110840.97,0.0257,Medium
2025-09-11 18:44:55,Gold,3297.96,0.0184,Low
2025-09-11 18:44:55,Bitcoin,110840.97,0.0433,High
2025-09-11 19:23:52,Gold,3297.96,0.042,High
2025-09-11 19:23:52,Bitcoin,110840.97,0.0297,Medium
2025-09-11 20:31:11,Gold,3297.96,0.0187,Low
2025-09-11 20:31:11,Bitcoin,110840.97,0.0256,Medium
2025-09-11 21:26:46,Gold,3305.91,0.0338,Medium
2025-09-11 21:26:46,Bitcoin,110907.59,0.0475,High
2025-09-11 22:33:30,Gold,3305.91,0.0395,Medium
2025-09-11 22:33:30,Bitcoin,110907.59,0.0358,Medium
2025-09-11 23:29:06,Gold,3305.91,0.0485,High
2025-09-11 23:29:06,Bitcoin,110907.59,0.0337,Medium
2025-09-12 03:04:20,Gold,3305.58,0.0353,Medium
2025-09-12 03:04:20,Bitcoin,110932.87,0.0356,Medium
2025-09-12 04:38:01,Gold,3305.58,0.0321,Medium
2025-09-12 04:38:01,Bitcoin,110932.87,0.0376,Medium
2025-09-12 05:34:20,Gold,3305.58,0.0444,High
2025-09-12 05:34:20,Bitcoin,110932.87,0.011,Low
2025-09-12 06:49:01,Gold,3305.58,0.0449,High
2025-09-12 06:49:01,Bitcoin,110932.87,0.0421,High
2025-09-12 07:30:14,Gold,3305.58,0.0434,High
2025-09-12 07:30:14,Bitcoin,110932.87,0.0392,Medium
2025-09-12 08:43:05,Gold,3305.58,0.021,Medium
2025-09-12 08:43:05,Bitcoin,110932.87,0.0205,Medium
2025-09-12 09:33:10,Gold,3305.58,0.039,Medium
2025-09-12 09:33:10,Bitcoin,110932.87,0.0123,Low
2025-09-12 10:39:05,Gold,3305.58,0.0244,Medium
2025-09-12 10:39:05,Bitcoin,110932.87,0.0326,Medium
2025-09-12 11:26:22,Gold,3305.58,0.0264,Medium
2025-09-12 11:26:22,Bitcoin,110932.87,0.0292,Medium
2025-09-12 13:16:37,Gold,3305.58,0.0122,Low
2025-09-12 13:16:37,Bitcoin,110932.87,0.0282,Medium
2025-09-12 14:37:38,Gold,3305.58,0.049,High
2025-09-12 14:37:38,Bitcoin,110932.87,0.0164,Low
2025-09-12 15:32:01,Gold,3305.58,0.0306,Medium
2025-09-12 15:32:01,Bitcoin,110932.87,0.0225,Medium
2025-09-12 16:40:01,Gold,3305.58,0.0211,Medium
2025-09-12 16:40:01,Bitcoin,110932.87,0.0433,High
2025-09-12 17:32:07,Gold,3305.58,0.0451,High
2025-09-12 17:32:07,Bitcoin,110932.87,0.0337,Medium
2025-09-12 18:41:30,Gold,3305.58,0.0191,Low
2025-09-12 18:41:30,Bitcoin,110932.87,0.0442,High
2025-09-12 19:23:45,Gold,3305.58,0.0408,High
2025-09-12 19:23:45,Bitcoin,110932.87,0.0297,Medium
2025-09-12 20:32:48,Gold,3311.54,0.0276,Medium
2025-09-12 20:32:48,Bitcoin,110982.84,0.0468,High
2025-09-12 21:27:34,Gold,3311.54,0.0183,Low
2025-09-12 21:27:34,Bitcoin,110982.84,0.0296,Medium
2025-09-12 22:32:46,Gold,3311.54,0.0419,High
2025-09-12 22:32:46,Bitcoin,110982.84,0.0306,Medium
2025-09-12 23:26:46,Gold,3311.54,0.017,Low
2025-09-12 23:26:46,Bitcoin,110982.84,0.014,Low
2025-09-13 02:41:54,Gold,3311.49,0.0355,Medium
2025-09-13 02:41:54,Bitcoin,110979.7,0.0161,Low
2025-09-13 03:35:43,Gold,3311.49,0.0173,Low
2025-09-13 03:35:43,Bitcoin,110979.7,0.0166,Low
2025-09-13 04:36:05,Gold,3311.49,0.0429,High
2025-09-13 04:36:05,Bitcoin,110979.7,0.0188,Low
2025-09-13 05:32:18,Gold,3311.49,0.0199,Low
2025-09-13 05:32:18,Bitcoin,110979.7,0.023,Medium
2025-09-13 06:43:29,Gold,3311.49,0.0364,Medium
2025-09-13 06:43:29,Bitcoin,110979.7,0.0454,High
2025-09-13 07:25:28,Gold,3311.49,0.0105,Low
2025-09-13 07:25:28,Bitcoin,110979.7,0.0416,High
2025-09-13 08:36:59,Gold,3311.49,0.0307,Medium
2025-09-13 08:36:59,Bitcoin,110979.7,0.0488,High
2025-09-13 09:28:18,Gold,3311.49,0.0355,Medium
2025-09-13 09:28:18,Bitcoin,110979.7,0.0123,Low
2025-09-13 10:34:44,Gold,3311.49,0.0324,Medium
2025-09-13 10:34:44,Bitcoin,110979.7,0.0499,High
2025-09-13 11:22:27,Gold,3311.49,0.0303,Medium
2025-09-13 11:22:27,Bitcoin,110979.7,0.0403,High
2025-09-13 13:04:09,Gold,3311.49,0.0434,High
2025-09-13 13:04:09,Bitcoin,110979.7,0.023,Medium
2025-09-13 14:32:15,Gold,3311.49,0.013,Low
2025-09-13 14:32:15,Bitcoin,110979.7,0.0233,Medium
2025-09-13 15:28:04,Gold,3311.49,0.019,Low
2025-09-13 15:28:04,Bitcoin,110979.7,0.0452,High
2025-09-13 16:35:21,Gold,3311.49,0.0328,Medium
2025-09-13 16:35:21,Bitcoin,110979.7,0.0121,Low
